%% LaTeX2e file `references.bib'
%% generated by the `filecontents' environment
%% from source `report' on 2014/11/10.
%%
@inproceedings{street1993nuclear,
  title={Nuclear feature extraction for breast tumor diagnosis},
  author={Street, W Nick and Wolberg, William H and Mangasarian, Olvi L},
  booktitle={IS\&T/SPIE's Symposium on Electronic Imaging: Science and Technology},
  pages={861--870},
  year={1993},
  organization={International Society for Optics and Photonics}
}
