@incollection{jonesshen2005,
year={2005},
isbn={978-1-84628-047-4},
booktitle={Fractals in Engineering},
editor={Lévy-Véhel, Jacques and Lutton, Evelyne},
doi={10.1007/1-84628-048-6_14},
title={A non-parametric test for self-similarity and stationarity in network traffic},
url={http://dx.doi.org/10.1007/1-84628-048-6_14},
publisher={Springer London},
author={Jones, OwenDafydd and Shen, Yuan},
pages={219-234},
language={English}
}

@article{jones2004,
  title={Estimating the Hurst index of a self-similar process via the crossing tree},
  author={Jones, Owen Dafydd and Shen, Yuan},
  journal={Signal Processing Letters, IEEE},
  volume={11},
  number={4},
  pages={416--419},
  year={2004},
  publisher={IEEE}
}

@inproceedings{decrouez2013,
  title={Estimation of the multifractal spectrum using the crossing tree},
  author={Decrouez, Geoffrey and Amblard, Pierre-Olivier and Jones, OD and others},
  booktitle={Proc. GRETSI},
  year={2013}
}
